<record><leader>00000cas a22000007a 4500</leader><controlfield tag="001">14698902</controlfield><controlfield tag="008">861111d18uu1871iauwr ne      0    0eng d</controlfield><datafield ind1=" " ind2=" " tag="010"><subfield code="a">sn 86060896 </subfield></datafield><datafield ind1=" " ind2=" " tag="040"><subfield code="a">INP</subfield><subfield code="b">eng</subfield><subfield code="c">INP</subfield><subfield code="d">OCLCQ</subfield></datafield><datafield ind1=" " ind2=" " tag="042"><subfield code="a">msc</subfield></datafield><datafield ind1="0" ind2=" " tag="130"><subfield code="a">Winterset Madisonian (Winterset, Iowa : 1869)</subfield></datafield><datafield ind1="1" ind2="4" tag="245"><subfield code="a">The Winterset Madisonian.</subfield></datafield><datafield ind1="1" ind2="3" tag="246"><subfield code="a">Madisonian</subfield><subfield code="f">Jan. 12-July 27, 1871</subfield></datafield><datafield ind1=" " ind2=" " tag="260"><subfield code="a">Winterset, Iowa :</subfield><subfield code="b">H.J.B. Cummings,</subfield><subfield code="c">-1871.</subfield></datafield><datafield ind1=" " ind2=" " tag="300"><subfield code="a">v. :</subfield><subfield code="b">ill. ;</subfield><subfield code="c">60 cm.</subfield></datafield><datafield ind1=" " ind2=" " tag="310"><subfield code="a">Weekly</subfield></datafield><datafield ind1="0" ind2=" " tag="362"><subfield code="a">-v. 15, no. 38 (July 27, 1871).</subfield></datafield><datafield ind1=" " ind2=" " tag="588"><subfield code="a">Description based on: Vol. 13, no. 1 (Jan. 13, 1869).</subfield></datafield><datafield ind1=" " ind2=" " tag="752"><subfield code="a">United States</subfield><subfield code="b">Iowa</subfield><subfield code="c">Madison</subfield><subfield code="d">Winterset.</subfield></datafield><datafield ind1="0" ind2="0" tag="780"><subfield code="t">Madisonian (Winterset, Iowa : 1865)</subfield><subfield code="w">(DLC)sn 84027406</subfield></datafield><datafield ind1="0" ind2="0" tag="785"><subfield code="t">Madisonian (Winterset, Iowa : 1871)</subfield><subfield code="w">(DLC)sn 86060897</subfield></datafield></record>